@article{mst_paper,
author = {Mauricio A. Valle and Gonzalo A. Ruz and Rodrigo Morr\'{s}s},
title = {Market basket analysis: Complementing Association Rules with Minimum Spanning Trees},
journaltitle = {Expert Systems with Applications},
year = {2018},
volume = {97},
month = {May},
pages = {146-162},
doi = {10.1016/j.eswa.2017.12.028}
}

@article{apriori,
journaltitle = {Proceedings of the 20th International Conference on Very Large Databases},
author = {Agrawal, Rakesh and Srikant, Ramakrishnan},
title = {Fast Algorithms for Mining Association Rules},
year = {1994},
pages={487-489}
}
